<collection xmlns="http://www.loc.gov/MARC21/slim">
<record>
  <leader>01314nam0a2200253 i 450 </leader>
  <controlfield tag="001">IT\ICCU\CNCE\072495</controlfield>
  <controlfield tag="005">20080220000000.0</controlfield>
  <datafield tag="012" ind1=" " ind2=" ">
    <subfield code="a">a.er a.ar n-r- DiDu (3) 1595 (A)</subfield>
    <subfield code="2">fei</subfield>
  </datafield>
  <datafield tag="100" ind1=" " ind2=" ">
    <subfield code="a">20080220d1595        0itac0103    ba</subfield>
  </datafield>
  <datafield tag="101" ind1=" " ind2=" ">
    <subfield code="a">ITA</subfield>
  </datafield>
  <datafield tag="102" ind1=" " ind2=" ">
    <subfield code="a">IT</subfield>
  </datafield>
  <datafield tag="200" ind1="1" ind2=" ">
    <subfield code="a">Catalogo de&apos; preteriti e supini de&apos; verbi pi ̮vsati, e pi ̮difficili. Raccolti dal molto reuerendo padre Horatio Torsellini della Compagnia di Giesu. Nuouamente riueduto, &amp; accresciuto</subfield>
  </datafield>
  <datafield tag="210" ind1=" " ind2=" ">
    <subfield code="a">In Roma</subfield>
    <subfield code="c">per Antonino Cherubini</subfield>
    <subfield code="c">ad instantia di Gio. Battista Facchetti</subfield>
    <subfield code="d">sotto l&apos;Arco di Camigliano</subfield>
    <subfield code="d">1595</subfield>
  </datafield>
  <datafield tag="215" ind1=" " ind2=" ">
    <subfield code="a">16 p.</subfield>
    <subfield code="d">8ʻ</subfield>
  </datafield>
  <datafield tag="620" ind1=" " ind2=" ">
    <subfield code="a">IT</subfield>
    <subfield code="d">Roma</subfield>
  </datafield>
  <datafield tag="700" ind1=" " ind2="1">
    <subfield code="a">Torsellini,</subfield>
    <subfield code="b">Orazio</subfield>
    <subfield code="3">IT\ICCU\CNCA\007139</subfield>
  </datafield>
  <datafield tag="712" ind1="0" ind2="0">
    <subfield code="a">Cherubini, Antonino</subfield>
    <subfield code="3">IT\ICCU\CNCT\006268</subfield>
    <subfield code="4">650</subfield>
  </datafield>
  <datafield tag="712" ind1="0" ind2="0">
    <subfield code="a">Facchetti, Giovanni Battista</subfield>
    <subfield code="3">IT\ICCU\CNCT\006269</subfield>
    <subfield code="4">650</subfield>
  </datafield>
  <datafield tag="712" ind1="0" ind2="2">
    <subfield code="a">Tipografo non identificato</subfield>
    <subfield code="3">IT\ICCU\CNCT\003341</subfield>
    <subfield code="4">650</subfield>
  </datafield>
  <datafield tag="790" ind1=" " ind2="1">
    <subfield code="a">Torsellino,</subfield>
    <subfield code="b">Orazio</subfield>
    <subfield code="3">IT\ICCU\CNCA\024649</subfield>
    <subfield code="z">Torsellini, Orazio</subfield>
  </datafield>
  <datafield tag="801" ind1=" " ind2="3">
    <subfield code="a">IT</subfield>
    <subfield code="b">ICCU</subfield>
    <subfield code="c">20201115</subfield>
  </datafield>
  <datafield tag="899" ind1=" " ind2=" ">
    <subfield code="a">Biblioteca Angelica. Roma</subfield>
    <subfield code="1">RM0290</subfield>
    <subfield code="2">RML 06</subfield>
  </datafield>
  <datafield tag="911" ind1=" " ind2=" ">
    <subfield code="a">Sul front.</subfield>
    <subfield code="9">IT\ICCU\CNCM\002249</subfield>
  </datafield>
  <datafield tag="921" ind1=" " ind2=" ">
    <subfield code="a">IT\ICCU\CNCM\002249</subfield>
    <subfield code="b">Monogramma di Cristo (iniziali I.H.S. sormontate da una croce, in basso tre chiodi) nell&apos;ostia radiante. In cornice figurata.</subfield>
    <subfield code="c">U784</subfield>
    <subfield code="d">Dimensioni: 5,2 x 5,8</subfield>
    <subfield code="f">MONOGRAMM</subfield>
    <subfield code="f">CROCE</subfield>
    <subfield code="f">CHIODI</subfield>
    <subfield code="g">1585-1595</subfield>
  </datafield>
</record>
</collection>
